% This file was created with JabRef 2.8.1.
% Encoding: GBK

@ARTICLE{Schumaker:2009:TAS:1462198.1462204,
  author = {Schumaker, Robert P. and Chen, Hsinchun},
  title = {Textual analysis of stock market prediction using breaking financial
	news: The AZFin text system},
  journal = {ACM Trans. Inf. Syst.},
  year = {2009},
  volume = {27},
  pages = {12:1--12:19},
  number = {2},
  month = mar,
  acmid = {1462204},
  address = {New York, NY, USA},
  articleno = {12},
  doi = {10.1145/1462198.1462204},
  issn = {1046-8188},
  issue_date = {February 2009},
  keywords = {SVM, prediction, stock market},
  numpages = {19},
  owner = {ZTH},
  publisher = {ACM},
  timestamp = {2012.11.01},
  url = {http://doi.acm.org/10.1145/1462198.1462204}
}

@inproceedings{Alamgir:2010:MRW:1933307.1934543,
 author = {Alamgir, Morteza and von Luxburg, Ulrike},
 title = {Multi-agent Random Walks for Local Clustering on Graphs},
 booktitle = {Proceedings of the 2010 IEEE International Conference on Data Mining},
 series = {ICDM '10},
 year = {2010},
 isbn = {978-0-7695-4256-0},
 pages = {18--27},
 numpages = {10},
 url = {http://dx.doi.org/10.1109/ICDM.2010.87},
 doi = {10.1109/ICDM.2010.87},
 acmid = {1934543},
 publisher = {IEEE Computer Society},
 address = {Washington, DC, USA},
 keywords = {Local Clustering, Graph Clustering, Random Walk, Mixing Time},
} 

