@Inproceedings{Cui:2011:MRW:2063576.2063600,
author = {Cui},
title = {Multi-view random walk framework for search task discovery from click-through log},
year = {2011},
pages = {135--140},
booktitle = {Proceedings of the 20th ACM international conference on Information and knowledge management},
publisher = {ACM},
address = {New York},
doi = {10.1145/2063576.2063600},
series = {CIKM '11},
url = {http://doi.acm.org/10.1145/2063576.2063600}
}

@Inproceedings{Alamgir:2010:MRW:1933307.1934543,
author = {Alamgir},
title = {Multi-agent Random Walks for Local Clustering on Graphs},
year = {2010},
pages = {18--27},
booktitle = {Proceedings of the 2010 IEEE International Conference on Data Mining},
publisher = {IEEE Computer Society},
address = {Washington},
doi = {10.1109/ICDM.2010.87},
series = {ICDM '10},
url = {http://dx.doi.org/10.1109/ICDM.2010.87}
}

@Article{Schumaker:2009:TAS:1462198.1462204,
author = {Schumaker},
title = {Textual analysis of stock market prediction using breaking financial news: The AZFin text system},
journal = {ACM Trans. Inf. Syst.},
volume = {27},
year = {2009},
month = {3},
number = {2},
pages = {12:1--12:19},
publisher = {ACM},
address = {New York},
doi = {10.1145/1462198.1462204},
url = {http://doi.acm.org/10.1145/1462198.1462204}
}

@Article{Shannon1948,
author = {Shannon},
title = {A mathematical theory of communication},
journal = {SIGMOBILE Mob. Comput. Commun. Rev.},
volume = {5},
year = {2001},
month = {1},
number = {1},
pages = {3--55},
publisher = {ACM},
address = {New York},
doi = {10.1145/584091.584093},
url = {http://doi.acm.org/10.1145/584091.584093}
}

@Article{Yamamoto:2001:USA:972778.972779,
author = {Yamamoto},
title = {Using suffix arrays to compute term frequency and document frequency for all substrings in a corpus},
journal = {Comput. Linguist.},
volume = {27},
year = {2001},
month = {1},
number = {1},
pages = {1--30},
publisher = {MIT Press},
address = {Cambridge},
doi = {10.1162/089120101300346787},
url = {http://dx.doi.org/10.1162/089120101300346787}
}

@Article{GuSenProgrammer,
author = {顾森},
title = {SNS中的文本数据挖掘},
journal = {程序员},
year = {2012},
month = {8},
pages = {113-115}
}

@Book{HuYushuXianHan,
author = {胡裕树},
title = {现代汉语},
year = {2010},
booktitle = {现代汉语},
publisher = {上海教育出版社}
}

@Book{ElementsOfInformationTheory,
author = {THOMAS M. COVER},
title = {Elements of Information Theory},
year = {2006},
booktitle = {Elements of Information Theory},
publisher = {Wiley-Interscience}
}

@Book{RMEInformation,
author = {Robert McEliece},
title = {The Theory of Information and Coding},
year = {2002},
booktitle = {The Theory of Information and Coding},
publisher = {Cambridge University Press},
url = {http://dx.doi.org/10.1017/CBO9780511606267}
}

@Article{Feng:2004:AVC:1005380.1005384,
author = {Feng},
title = {Accessor variety criteria for Chinese word extraction},
journal = {Comput. Linguist.},
volume = {30},
year = {2004},
month = {3},
number = {1},
pages = {75--93},
publisher = {MIT Press},
address = {Cambridge},
doi = {10.1162/089120104773633394},
url = {http://dx.doi.org/10.1162/089120104773633394}
}

@Book{ChangyongCibiaoCaoan,
author = {《现代汉语常用词表》课题组},
title = {现代汉语常用词表（草案）},
year = {2008},
booktitle = {现代汉语常用词表},
publisher = {商务印书馆}
}

